<collection xmlns:xsi="http://www.w3.org/2001/XMLSchema-instance" xmlns="http://www.loc.gov/MARC21/slim" xsi:schemaLocation="http://www.loc.gov/MARC21/slim http://www.loc.gov/standards/marcxml/schema/MARC21slim.xsd">

<record>
  <leader>07297ckdaa2200877 a 4500</leader>
  <controlfield tag="001">3464646</controlfield>
  <controlfield tag="005">20100226104522.0</controlfield>
  <controlfield tag="008">010604s1915    xx ||| |||||||    k|eng d</controlfield>
  <datafield tag="035" ind1=" " ind2=" ">
    <subfield code="a">(OCoLC)84023861</subfield>
  </datafield>
  <datafield tag="035" ind1=" " ind2=" ">
    <subfield code="a">(OCoLC)ocm84023861</subfield>
  </datafield>
  <datafield tag="035" ind1=" " ind2=" ">
    <subfield code="a">(CStRLIN)NYDA01-F124</subfield>
  </datafield>
  <datafield tag="035" ind1=" " ind2=" ">
    <subfield code="a">(NNC-A)76</subfield>
  </datafield>
  <datafield tag="035" ind1=" " ind2=" ">
    <subfield code="9">AAB2746AD</subfield>
  </datafield>
  <datafield tag="035" ind1=" " ind2=" ">
    <subfield code="a">(NNC)3464646</subfield>
  </datafield>
  <datafield tag="040" ind1=" " ind2=" ">
    <subfield code="a">NNC-A</subfield>
    <subfield code="c">NNC-A</subfield>
    <subfield code="e">gihc</subfield>
  </datafield>
  <datafield tag="043" ind1=" " ind2=" ">
    <subfield code="a">n-us-ca</subfield>
  </datafield>
  <datafield tag="090" ind1=" " ind2=" ">
    <subfield code="h">12/31/99 N</subfield>
  </datafield>
  <datafield tag="100" ind1="1" ind2=" ">
    <subfield code="a">Hulbert, Leroy.</subfield>
  </datafield>
  <datafield tag="240" ind1="1" ind2="0">
    <subfield code="a">David B. Gamble house (Pasadena, Calif.)</subfield>
  </datafield>
  <datafield tag="245" ind1="1" ind2="0">
    <subfield code="a">[David B. Gamble house, Pasadena, Calif.]</subfield>
    <subfield code="h">[graphic] /</subfield>
    <subfield code="c">Leroy Hulbert [photographer] ; [Greene &amp; Greene, architects]</subfield>
  </datafield>
  <datafield tag="260" ind1=" " ind2=" ">
    <subfield code="c">[circa 1915]</subfield>
  </datafield>
  <datafield tag="300" ind1=" " ind2=" ">
    <subfield code="a">37 photographic prints mounted on board :</subfield>
    <subfield code="b">brown tone ;</subfield>
    <subfield code="c">24.7 x 24.7 cm. (9 3/4 x 9 3/4 in.) or smaller, on mount 34.9 x 42.5 cm. (13 3/4 x 16 3/4 in.) or smaller.</subfield>
  </datafield>
  <datafield tag="500" ind1=" " ind2=" ">
    <subfield code="a">Date and some image titles from: Greene &amp; Greene / Edward R. Bosley. London : Phaidon, 2000.</subfield>
  </datafield>
  <datafield tag="500" ind1=" " ind2=" ">
    <subfield code="a">Additional image titles from: Greene &amp; Greene / Randell L. Makinson. Salt Lake City : Peregrine Smith, c1977-79.</subfield>
  </datafield>
  <datafield tag="545" ind1=" " ind2=" ">
    <subfield code="a">Bosley dates the house to 1907-09.</subfield>
  </datafield>
  <datafield tag="500" ind1=" " ind2=" ">
    <subfield code="a">Photos are mounted horizontally and vertically.</subfield>
  </datafield>
  <datafield tag="500" ind1=" " ind2=" ">
    <subfield code="a">Photos are possibly platinum/palladium prints.</subfield>
  </datafield>
  <datafield tag="500" ind1=" " ind2=" ">
    <subfield code="a">Signed in various locations in the following forms: Leroy Hulbert. ; Leroy Hulbert. Photo ; and Leroy Hulbert photo. Two photos are unsigned.</subfield>
  </datafield>
  <datafield tag="561" ind1=" " ind2=" ">
    <subfield code="a">Gift made posssible by Harwell Hamilton Harris.  Accession number 1987.003.</subfield>
  </datafield>
  <datafield tag="580" ind1=" " ind2=" ">
    <subfield code="a">Forms part of the Greene &amp; Greene architectural drawings and photographs, Dept. of Drawings &amp; Archives, Avery Architectural and Fine Arts Library.</subfield>
  </datafield>
  <datafield tag="650" ind1=" " ind2="7">
    <subfield code="a">Houses.</subfield>
    <subfield code="2">aat</subfield>
  </datafield>
  <datafield tag="655" ind1=" " ind2="7">
    <subfield code="a">Photographic prints.</subfield>
    <subfield code="2">aat</subfield>
  </datafield>
  <datafield tag="651" ind1=" " ind2="0">
    <subfield code="a">Pasadena (Calif.)</subfield>
  </datafield>
  <datafield tag="610" ind1="2" ind2="0">
    <subfield code="a">David B. Gamble House (Pasadena, Calif.)</subfield>
  </datafield>
  <datafield tag="700" ind1="1" ind2=" ">
    <subfield code="a">Gamble, David B.</subfield>
  </datafield>
  <datafield tag="710" ind1="2" ind2=" ">
    <subfield code="a">Greene &amp; Greene.</subfield>
  </datafield>
  <datafield tag="773" ind1="0" ind2=" ">
    <subfield code="7">c2bc</subfield>
    <subfield code="a">Greene &amp; Greene.</subfield>
    <subfield code="t">Architectural drawings and photographs</subfield>
    <subfield code="w">(CStRLIN)NYDA88-A56</subfield>
  </datafield>
  <datafield tag="789" ind1="0" ind2=" ">
    <subfield code="l">[1]</subfield>
    <subfield code="i">NYDA.1987.003.00084.</subfield>
    <subfield code="t">[East (front) and south elevations].</subfield>
    <subfield code="p">19 x 24 cm. (7 1/2 x 9 1/2 in.).</subfield>
    <subfield code="o">Signed on photo, lower right.</subfield>
  </datafield>
  <datafield tag="789" ind1="0" ind2=" ">
    <subfield code="l">[2]</subfield>
    <subfield code="i">NYDA.1987.003.00085.</subfield>
    <subfield code="t">[East (front) elevation, right side].</subfield>
    <subfield code="p">18.5 x 24.3 cm. (7 3/8 x 9 5/8 in.).</subfield>
    <subfield code="o">Signed on photo, lower right.</subfield>
  </datafield>
  <datafield tag="789" ind1="0" ind2=" ">
    <subfield code="l">[3]</subfield>
    <subfield code="i">NYDA.1987.003.00086.</subfield>
    <subfield code="t">[View from northwest].</subfield>
    <subfield code="p">19 x 24.5 cm. (7 1/2 x 9 5/8 in.).</subfield>
    <subfield code="o">Signed on photo, lower left.</subfield>
  </datafield>
  <datafield tag="789" ind1="0" ind2=" ">
    <subfield code="l">[4]</subfield>
    <subfield code="i">NYDA.1987.003.00087.</subfield>
    <subfield code="t">[North elevation].</subfield>
    <subfield code="p">18.7 x 24 cm. (7 3/8 x 9 1/2 in.).</subfield>
    <subfield code="o">Signed on photo, lower right.</subfield>
  </datafield>
  <datafield tag="789" ind1="0" ind2=" ">
    <subfield code="l">[5]</subfield>
    <subfield code="i">NYDA.1987.003.00088.</subfield>
    <subfield code="t">[Garden and north elevation].</subfield>
    <subfield code="p">18.5 x 24.3 cm. (7 3/8 x 9 5/8 in.).</subfield>
    <subfield code="o">Signed on photo, lower left.</subfield>
  </datafield>
  <datafield tag="789" ind1="0" ind2=" ">
    <subfield code="l">[6]</subfield>
    <subfield code="i">NYDA.1987.003.00089.</subfield>
    <subfield code="t">[Stone path leading to house].</subfield>
    <subfield code="p">24 x 9.6 cm. (9 1/2 x 3 3/4 in.).</subfield>
    <subfield code="o">Unsigned.</subfield>
  </datafield>
  <datafield tag="789" ind1="0" ind2=" ">
    <subfield code="l">[7]</subfield>
    <subfield code="i">NYDA.1987.003.00090.</subfield>
    <subfield code="t">[Rear terrace].</subfield>
    <subfield code="p">19.1 x 24 cm. (7 1/2 x 9 1/2 in.).</subfield>
    <subfield code="o">Signed on photo, lower left.</subfield>
  </datafield>
  <datafield tag="789" ind1="0" ind2=" ">
    <subfield code="l">[8]</subfield>
    <subfield code="i">NYDA.1987.003.00091.</subfield>
    <subfield code="t">[Rear retaining wall].</subfield>
    <subfield code="p">24 x 19 cm. (9 1/2 x 7 1/2 in.).</subfield>
    <subfield code="o">Signed on photo, lower right.</subfield>
  </datafield>
  <datafield tag="789" ind1="0" ind2=" ">
    <subfield code="l">[9]</subfield>
    <subfield code="i">NYDA.1987.003.00092.</subfield>
    <subfield code="t">[Partial view of brick driveway and east (front) elevation].</subfield>
    <subfield code="p">24.3 x 9.6 cm. (9 5/8 x 3 3/4 in.).</subfield>
    <subfield code="o">Unsigned.</subfield>
  </datafield>
  <datafield tag="789" ind1="0" ind2=" ">
    <subfield code="l">[10]</subfield>
    <subfield code="i">NYDA.1987.003.00093.</subfield>
    <subfield code="t">[Entry hall, view toward leaded art-glass front doorway].</subfield>
    <subfield code="p">18.1 x 22 cm. (7 1/8 x 8 3/4 in.).</subfield>
    <subfield code="o">Signed on photo, lower right.</subfield>
  </datafield>
  <datafield tag="789" ind1="0" ind2=" ">
    <subfield code="l">[11]</subfield>
    <subfield code="i">NYDA.1987.003.00094.</subfield>
    <subfield code="t">[Entry hall, view toward terrace doors].</subfield>
    <subfield code="p">18.7 x 24.5 cm. (7 3/8 x 9 5/8 in.).</subfield>
    <subfield code="o">Signed on photo, lower left.</subfield>
  </datafield>
  <datafield tag="789" ind1="0" ind2=" ">
    <subfield code="l">[12]</subfield>
    <subfield code="i">NYDA.1987.003.00095.</subfield>
    <subfield code="t">[Entry hall, view toward terrace doors].</subfield>
    <subfield code="p">19.5 x 24.4 cm. (7 3/4 x 9 5/8 in.).</subfield>
    <subfield code="o">Signed on photo, lower right.</subfield>
  </datafield>
  <datafield tag="789" ind1="0" ind2=" ">
    <subfield code="l">[13]</subfield>
    <subfield code="i">NYDA.1987.003.00096.</subfield>
    <subfield code="t">[Entry hall stairway].</subfield>
    <subfield code="p">19 x 24 cm. (7 1/2 x 9 1/2 in.).</subfield>
    <subfield code="o">Signed on photo, lower left.</subfield>
  </datafield>
  <datafield tag="789" ind1="0" ind2=" ">
    <subfield code="l">[14]</subfield>
    <subfield code="i">NYDA.1987.003.00097.</subfield>
    <subfield code="t">[Entry hall chair].</subfield>
    <subfield code="p">24.7 x 18.6 cm. (9 3/4 x 7 3/8 in.).</subfield>
    <subfield code="o">Signed on photo, lower left.</subfield>
  </datafield>
  <datafield tag="789" ind1="0" ind2=" ">
    <subfield code="l">[15]</subfield>
    <subfield code="i">NYDA.1987.003.00098.</subfield>
    <subfield code="t">[Living room, view from main hallway].</subfield>
    <subfield code="p">19.5 x 24.4 cm. (7 3/4 x 9 5/8 in.).</subfield>
    <subfield code="o">Signed on photo, lower right.</subfield>
  </datafield>
  <datafield tag="789" ind1="0" ind2=" ">
    <subfield code="l">[16]</subfield>
    <subfield code="i">NYDA.1987.003.00099.</subfield>
    <subfield code="t">[Living room, view with library table and Tiffany lamp].</subfield>
    <subfield code="p">18.9 x 23.9 cm. (7 1/2 x 9 1/2 in.).</subfield>
    <subfield code="o">Signed on photo, lower left.</subfield>
  </datafield>
  <datafield tag="789" ind1="0" ind2=" ">
    <subfield code="l">[17]</subfield>
    <subfield code="i">NYDA.1987.003.00100.</subfield>
    <subfield code="t">[Living room rocking chair].</subfield>
    <subfield code="p">22.5 x 14.2 cm. (8 7/8 x 5 5/8 in.).</subfield>
    <subfield code="o">Signed on photo, lower left.</subfield>
  </datafield>
  <datafield tag="789" ind1="0" ind2=" ">
    <subfield code="l">[18]</subfield>
    <subfield code="i">NYDA.1987.003.00101.</subfield>
    <subfield code="t">[Living room armchair].</subfield>
    <subfield code="p">23 x 15 cm. (9 1/8 x 6 in.).</subfield>
    <subfield code="o">Signed on photo, lower left.</subfield>
  </datafield>
  <datafield tag="789" ind1="0" ind2=" ">
    <subfield code="l">[19]</subfield>
    <subfield code="i">NYDA.1987.003.00102.</subfield>
    <subfield code="t">[Living room chair].</subfield>
    <subfield code="p">23.3 x 14.2 cm. (9 1/4 x 5 5/8 in.).</subfield>
    <subfield code="o">Signed on photo, lower left.</subfield>
  </datafield>
  <datafield tag="789" ind1="0" ind2=" ">
    <subfield code="l">[20]</subfield>
    <subfield code="i">NYDA.1987.003.00103.</subfield>
    <subfield code="t">[Living room end table].</subfield>
    <subfield code="p">19.6 x 14.5 cm. (7 3/4 x 5 3/4 in.).</subfield>
    <subfield code="o">Signed on photo, lower right.</subfield>
  </datafield>
  <datafield tag="789" ind1="0" ind2=" ">
    <subfield code="l">[21]</subfield>
    <subfield code="i">NYDA.1987.003.00104.</subfield>
    <subfield code="t">[Dining room].</subfield>
    <subfield code="p">19.7 x 24.6 cm. (7 3/4 x 9 3/4 in.).</subfield>
    <subfield code="o">Signed on photo, lower left.</subfield>
  </datafield>
  <datafield tag="789" ind1="0" ind2=" ">
    <subfield code="l">[22]</subfield>
    <subfield code="i">NYDA.1987.003.00105.</subfield>
    <subfield code="t">[Dining room chair].</subfield>
    <subfield code="p">22.8 x 15 cm. (9 x 6 in.).</subfield>
    <subfield code="o">Signed on photo, lower left.</subfield>
  </datafield>
  <datafield tag="789" ind1="0" ind2=" ">
    <subfield code="l">[23]</subfield>
    <subfield code="i">NYDA.1987.003.00106.</subfield>
    <subfield code="t">[Staircase at second story hallway].</subfield>
    <subfield code="p">18.1 x 23.5 cm. (7 1/8 x 9 1/4 in.).</subfield>
    <subfield code="o">Signed on photo, lower left.</subfield>
  </datafield>
  <datafield tag="789" ind1="0" ind2=" ">
    <subfield code="l">[24]</subfield>
    <subfield code="i">NYDA.1987.003.00107.</subfield>
    <subfield code="t">[Guest room].</subfield>
    <subfield code="p">18.9 x 24 cm. (7 1/2 x 9 1/2 in.).</subfield>
    <subfield code="o">Signed on photo, lower left.</subfield>
  </datafield>
  <datafield tag="789" ind1="0" ind2=" ">
    <subfield code="l">[25]</subfield>
    <subfield code="i">NYDA.1987.003.00108.</subfield>
    <subfield code="t">[Guest room dressing table].</subfield>
    <subfield code="p">18.5 x 23.4 cm. (7 3/8 x 9 1/4 in.).</subfield>
    <subfield code="o">Signed on photo, lower left.</subfield>
  </datafield>
  <datafield tag="789" ind1="0" ind2=" ">
    <subfield code="l">[26]</subfield>
    <subfield code="i">NYDA.1987.003.00109.</subfield>
    <subfield code="t">[Guest room rocking chair].</subfield>
    <subfield code="p">23.6 x 17.7 cm. (9 3/8 x 7 in.).</subfield>
    <subfield code="o">Signed on photo, lower left.</subfield>
  </datafield>
  <datafield tag="789" ind1="0" ind2=" ">
    <subfield code="l">[27]</subfield>
    <subfield code="i">NYDA.1987.003.00110.</subfield>
    <subfield code="t">[Guest room chair].</subfield>
    <subfield code="p">23 x 16.3 cm. (9 1/2 x 6 1/2 in.).</subfield>
    <subfield code="o">Signed on photo, lower left.</subfield>
  </datafield>
  <datafield tag="789" ind1="0" ind2=" ">
    <subfield code="l">[28]</subfield>
    <subfield code="i">NYDA.1987.003.00111.</subfield>
    <subfield code="t">["Aunt Julia" Huggins's bedroom].</subfield>
    <subfield code="p">18.8 x 24.1 cm. (7 1/2 x 9 1/2 in.).</subfield>
    <subfield code="o">Signed on photo, lower left.</subfield>
  </datafield>
  <datafield tag="789" ind1="0" ind2=" ">
    <subfield code="l">[29]</subfield>
    <subfield code="i">NYDA.1987.003.00112.</subfield>
    <subfield code="t">["Aunt Julia" Huggins's bedroom].</subfield>
    <subfield code="p">19.3 x 24.5 cm. (7 5/8 x 9 5/8 in.).</subfield>
    <subfield code="o">Signed on photo, lower left.</subfield>
  </datafield>
  <datafield tag="789" ind1="0" ind2=" ">
    <subfield code="l">[30]</subfield>
    <subfield code="i">NYDA.1987.003.00113.</subfield>
    <subfield code="t">[Master bedroom].</subfield>
    <subfield code="p">19.1 x 24.7 cm. (7 1/2 x 9 3/4 in.).</subfield>
    <subfield code="o">Signed on photo, lower right.</subfield>
  </datafield>
  <datafield tag="789" ind1="0" ind2=" ">
    <subfield code="l">[31]</subfield>
    <subfield code="i">NYDA.1987.003.00114.</subfield>
    <subfield code="t">[Master bedroom inglenook].</subfield>
    <subfield code="p">18.6 x 23.9 cm. (7 3/8 x 9 1/2 in.).</subfield>
    <subfield code="o">Signed on photo, lower left.</subfield>
  </datafield>
  <datafield tag="789" ind1="0" ind2=" ">
    <subfield code="l">[32]</subfield>
    <subfield code="i">NYDA.1987.003.00115.</subfield>
    <subfield code="t">[Master bedroom beds].</subfield>
    <subfield code="p">18.9 x 23.5 cm. (7 1/2 x 9 1/4 in.).</subfield>
    <subfield code="o">Signed on photo, lower right.</subfield>
  </datafield>
  <datafield tag="789" ind1="0" ind2=" ">
    <subfield code="l">[33]</subfield>
    <subfield code="i">NYDA.1987.003.00116.</subfield>
    <subfield code="t">[Master bedroom dresser].</subfield>
    <subfield code="p">18.9 x 16.5 cm. (7 1/2 x 6 1/2 in.).</subfield>
    <subfield code="o">Signed on photo, lower right.</subfield>
  </datafield>
  <datafield tag="789" ind1="0" ind2=" ">
    <subfield code="l">[34]</subfield>
    <subfield code="i">NYDA.1987.003.00117.</subfield>
    <subfield code="t">[Master bedroom letter desk].</subfield>
    <subfield code="p">19.1 x 17 cm. (7 1/2 x 6 3/4 in.).</subfield>
    <subfield code="o">Signed on photo, lower left.</subfield>
  </datafield>
  <datafield tag="789" ind1="0" ind2=" ">
    <subfield code="l">[35]</subfield>
    <subfield code="i">NYDA.1987.003.00118.</subfield>
    <subfield code="t">[Master bedroom rocking chair].</subfield>
    <subfield code="p">23.3 x 15.1 cm. (9 1/8 x 6 in.).</subfield>
    <subfield code="o">Signed on photo, lower left.</subfield>
  </datafield>
  <datafield tag="789" ind1="0" ind2=" ">
    <subfield code="l">[36]</subfield>
    <subfield code="i">NYDA.1987.003.00119.</subfield>
    <subfield code="t">[Master bedroom chair].</subfield>
    <subfield code="p">23.2 x 15 cm. (9 1/4 x 6 in.).</subfield>
    <subfield code="o">Signed on photo, lower left.</subfield>
  </datafield>
  <datafield tag="789" ind1="0" ind2=" ">
    <subfield code="l">[37]</subfield>
    <subfield code="i">NYDA.1987.003.00120.</subfield>
    <subfield code="t">[Attic].</subfield>
    <subfield code="p">18.5 x 24 cm. (7 3/8 x 9 1/2 in.).</subfield>
    <subfield code="o">Signed on photo, lower right.</subfield>
  </datafield>
  <datafield tag="852" ind1=" " ind2=" ">
    <subfield code="a">Columbia University</subfield>
    <subfield code="b">Avery Architectural and Fine Arts Library, Drawings and Archives Collection</subfield>
    <subfield code="e">1172 Amsterdam Avenue, MC 0301, New York, NY 10027.</subfield>
  </datafield>
  <datafield tag="900" ind1=" " ind2=" ">
    <subfield code="a">AUTH</subfield>
  </datafield>
</record>

</collection>